@inproceedings{sharma:2016,
         author = {Sharma, Prateek and Chaufournier, Lucas and Shenoy, Prashant and Tay, Y. C.},
         title = {Containers and Virtual Machines at Scale: A Comparative Study},
         booktitle = {Proceedings of the 17th International Middleware Conference},
         series = {Middleware '16},
         year = {2016},
         isbn = {978-1-4503-4300-8},
         location = {Trento, Italy},
         pages = {1:1--1:13},
         articleno = {1},
         numpages = {13},
         url = {http://doi.acm.org/10.1145/2988336.2988337},
         doi = {10.1145/2988336.2988337},
         acmid = {2988337},
         publisher = {ACM},
         address = {New York, NY, USA}
}
         
@INPROCEEDINGS{felter:2014, 
        author={W. Felter and A. Ferreira and R. Rajamony and J. Rubio}, 
        booktitle={2015 IEEE International Symposium on Performance Analysis of Systems and Software (ISPASS)}, 
        title={An Updated Performance Comparison of Virtual Machines and Linux Containers}, 
        year={2015}, 
        volume={}, 
        number={}, 
        pages={171-172}, 
        keywords={Linux;cloud computing;virtual machines;Docker;KVM;Linux containers;cloud architectures;cloud computing;container manager;representative hypervisor;virtual machines;Containers;Hardware;Linux;Random access memory;Servers;Throughput;Virtual machining}, 
        doi={10.1109/ISPASS.2015.7095802}, 
        ISSN={}, 
        month={March},
} 
    
@misc{sysbench:wiki,
	title = {SysBench},
	key = {SysBench},
        howpublished = {https://github.com/akopytov/sysbench},
        note = {Accessed: 2018-04}
}

@misc{vagrant,
	title = {Vagrant},
	key = {Vagrant},
        howpublished = {https://www.vagrantup.com/},
        note = {Accessed: 2018-03}
}

@misc{docker,
	title = {Docker},
	key = {Docker},
        howpublished = {https://www.docker.com/community-edition},
        note = {Accessed: 2018-03}
}

@misc{virtualbox,
	title = {VirtualBox},
	key = {Virtualbox},
        howpublished = {https://www.virtualbox.org/},
        note = {Accessed: 2018-03}
}

@misc{felter:git,
	key = {Felter},
	title = {An Updated Performance Comparison of Virtual Machines and Linux Containers source code},
        howpublished = {\url{https://github.com/thewmf/kvm-docker-comparison}},
        note = {Accessed: 2018-04}
}

@misc{pxz,
	key = {PXZ},
	title = {PXZ - parallel LZMA compressor},
        howpublished = {https://jnovy.fedorapeople.org/pxz/},
        note = {Accessed: 2018-04}
}

@misc{enwik,
	title = {enwik9 - About the Test Data},
        howpublished = {http://mattmahoney.net/dc/textdata.html},
        note = {Accessed: 2018-04},
        author = {Matt Mahoney}
}

@misc{hpcchallenge,
	title = {An Updated Performance Comparison of Virtual Machines and Linux Containers source code},
	key = {HPC},
        howpublished = {https://github.com/thewmf/kvm-docker-comparison},
        note = {Accessed: 2018-04}
}

@misc{ycsb:wiki,
	title = {Yahoo! Cloud Serving Benchmark (YCSB) wiki},
	key = {YCSB},
        howpublished = {https://github.com/brianfrankcooper/YCSB/wiki},
        note = {Accessed: 2018-04}
}

@INPROCEEDINGS{morabito:2015, 
author={R. Morabito and J. Kjällman and M. Komu}, 
booktitle={2015 IEEE International Conference on Cloud Engineering}, 
title={Hypervisors vs. Lightweight Virtualization: A Performance Comparison}, 
year={2015}, 
volume={}, 
number={}, 
pages={386-393}, 
keywords={operating systems (computers);virtual machines;virtualisation;Albeit containers;anomalies;benchmarks tools;hypervisors;lightweight virtualization technologies;memory;network;operating systems;processing;storage;strengths;virtual machines;weaknesses;Benchmark testing;Containers;Linux;Operating systems;Virtual machine monitors;Virtualization;Performance; Benchmarking; Virtualization; Hypervisor; Container}, 
doi={10.1109/IC2E.2015.74}, 
ISSN={}, 
month={March},}

@INPROCEEDINGS{joy:2015, 
author={A. M. Joy}, 
booktitle={2015 International Conference on Advances in Computer Engineering and Applications}, 
title={Performance comparison between Linux containers and virtual machines}, 
year={2015}, 
volume={}, 
number={}, 
pages={342-346}, 
keywords={Linux;cloud computing;virtual machines;virtualisation;Linux containers;cloud computing;hardware resource utilization;resource overhead;virtual machines;virtualization technologies;virtualized environments;Containers;Linux;Scalability;Servers;Virtual machine monitors;Virtual machining;Virtualization;cloud computing;containers;docker;hypervisor;kubernetes;virtualization}, 
doi={10.1109/ICACEA.2015.7164727}, 
ISSN={}, 
month={March},}

@INPROCEEDINGS{li:2015, 
author={W. Li and A. Kanso}, 
booktitle={2015 IEEE International Conference on Cloud Engineering}, 
title={Comparing Containers versus Virtual Machines for Achieving High Availability}, 
year={2015}, 
volume={}, 
number={}, 
pages={353-358}, 
keywords={resource allocation;virtual machines;HA;container comparison;high availability;hypervisor-based platforms;resource isolation;server consolidation;virtual machines;virtualization technologies;virtualized environments;virtualized platforms;Availability;Containers;Heart beat;Kernel;Servers;Synchronization;Virtualization;cloud computing;container;fault tolerance;high availability;hypervisor;virtualization}, 
doi={10.1109/IC2E.2015.79}, 
ISSN={}, 
month={March},}

@INPROCEEDINGS{pahl:2015, 
author={C. Pahl and B. Lee}, 
booktitle={2015 3rd International Conference on Future Internet of Things and Cloud}, 
title={Containers and Clusters for Edge Cloud Architectures -- A Technology Review}, 
year={2015}, 
volume={}, 
number={}, 
pages={379-386}, 
keywords={application program interfaces;cloud computing;computer centres;virtual machines;virtualisation;PaaS clouds;application orchestration;application packaging mechanism;cloud technology;cluster technology;containerisation;data centres;distributed multicloud platforms;edge cloud architectures;fog computing;host application;lightweight virtualisation;logistics;networked nodes;platform services;platform-as-a-service clouds;service orchestration;virtual machines;Computer architecture;Containers;Linux;Packaging;Platform as a service;Cloud Computing;Cluster;Container;Edge Cloud;Multi-cloud;Orchestration;PaaS;Topology;Virtualisation}, 
doi={10.1109/FiCloud.2015.35}, 
ISSN={}, 
month={Aug},}

%J. Dongarra and P. Luszczek. Introduction to the HPCChallenge Benchmark Suite. Technical report, ICL Technical Report, 10 2005. ICL-UT-05-01.




